@Manual{      R:lang:2006,
  title     = {{R}: A Language and Environment for Statistical
          Computing},
  author    = {{R Development Core Team}},
  organization  = {{R Foundation for Statistical Computing}},
  address   = {Vienna, Austria},
  year      = {2006},
  url       = {http://www.R-project.org/}
}

@article{Ioa2005,
   author    = {J.-P. Ioannidis},
   title     = {Microarrays and molecular research: noise discovery},
   journal   = {The Lancet},
   pages     = {488--492},
   year      = {2005},
   volume    = {365},
}

@article{Smy2004,
   author    = {G. Smyth},
   title     = {Linear models and empirical Bayes methods for assessing differential
expression in microarray experiments},
   journal   = {Statistical Applications in Genetics and Molecular Biology},
   pages     = {3},
   year      = {2004},
   volume    = {3},
}


@article{Bou2004,
   author    = {A.-L. Boulesteix},
   title     = {{PLS} dimension reduction for classification with microarray data},
   journal   = {Statistical Applications in Genetics and Molecular Biology},
   pages     = {Issue 1, Article 33},
   year      = {2004},
   volume    = {3},
}

@article{Bre1996,
   author    = {L. Breiman},
   title     = {Bagging predictors},
   journal   = {Machine Learning},
   pages     = {123--140},
   year      = {1996},
   volume    = {24},
}


@article{Bou2007a,
   author    = {A.-L. Boulesteix and K. Strimmer},
   title     = {Partial Least Squares: A versatile tool for the analysis of high-dimensional genomic data},
   journal   = {Briefings in Bioinformatics},
   pages     = {32--44},
   year      = {2007},
   volume    = {8},
}

@article{Bre2001,
   author    = {L. Breiman},
   title     = {Random Forests},
   journal   = {Machine Learning},
   pages     = {5--32},
   year      = {2001},
   volume    = {45},
}



@book{Has2001,
   author    = {T. Hastie and R. Tibshirani and J.~H. Friedman},
   title     = {The elements of statistical learning},
   year      = {2001},
   publisher = {Springer-Verlag},
   address   = {New York},
   booktitle = {The elements of statistical learning},
}



@article{Br1996,
   author    = {L. Breiman},
   title     = {Bagging predictors},
   journal   = {Machine Learning},
   pages     = {123--140},
   year      = {1996},
   volume    = {24},
}


@article{Bra2004,
   author    = {U. Braga-Neto  and E.-R. Dougherty},
   title     = {Is cross-validation valid for small-sample microarray
        classification ?},
   journal   = {Bioinformatics},
   pages     = {374--380},
   year      = {2004},
   volume    = {20},
}

@article{Tib2002,
   author    = {R. Tibshirani and T. Hastie and B. Narasimhan and G. Chu},
   title     = {Diagnosis of multiple cancer types by shrunken centroids of gene expression},
   journal   = {Proceedings of the National Academy of Sciences},
   pages     = {6567--6572},
   year      = {2002},
   volume    = {99},
}

@article{Zhu2004,
   author    = {J. Zhu},
   title     = {Classification of gene expression microarrays by penalized logistic regression},
   journal   = {Biostatistics},
   pages     = {427--443},
   year      = {2004},
   volume    = {5},
}

@article{Guo2007,
   author    = {Y. Guo and T. Hastie and R. Tibshirani},
   title     = {Regularized linear discriminant analysis and its application in microarrays},
   journal   = {Biostatistics},
   pages     = {86--100},
   year      = {2007},
   volume    = {8},
}


@article{Gol1999,
   author    = {T.R. Golub and D. K. Slonim and P. Tamayo and C. Huard
                and M. Gaasenbeek and J. P. Mesirov and H. Coller and
            M. L. Loh and J.R. Downing and M. A. Caligiuri and
        C. D. Bloomfield and E. S. Lander},
   title     = {Molecular classification of cancer: class discovery and class
                prediction by gene expression monitoring},
   journal   = {Science},
   pages     = {531--537},
   year      = {1999},
   volume    = {286},
}


@book{Bre1984,
    author  = {L. Breiman and J.-H. Friedman and R.-A. Olshen and J.-C.
            Stone},
    title   = {Classification and Regression Trees},
    year    = {1984},
    publisher   = {Wadsworth},
    address = {Monterey, CA},
    booktitle   = {Classification and Regression Trees},
}

@article{Fre1997,
   author   = {Y. Freund and R.-E. Schapire},
    title   = {A Decision-Theoretic Generalization of On-Line Learning and an Application to Boosting},
   journal   = {Journal of Computer and System Sciences},
   pages     = {119--139},
    year    = {1997},
   volume    = {55},
}



@Article{Sta2005a,
  author =   {A. Statnikov and C.-F. Aliferis and I. Tsamardinos and D. Hardin and S. Levy},
  title =    {A comprehensive evaluation of multicategory classification methods for microarray gene expression cancer diagnosis},
  journal =      {Bioinformatics},
  year =     {2005},
  volume =   {21},
  pages =    {631--643},
}




@Article{Amb2002,
  author =   {C. Ambroise and G.-J. McLachlan},
  title =    {Selection bias in gene extraction in tumour classification on basis of microarray gene expression data},
  journal =      {Proceedings of the National Academy of Science},
  year =     {2002},
  volume =   {99},
  pages =    {6562--6566},
}

@Article{Dup2007,
  author =   {A. Dupuy and R. Simon},
  title =    {Critical Review of Published Microarray Studies for Cancer Outcome and Guidelines on Statistical Analysis and Reporting },
  journal =      {Journal of the National Cancer Institute},
  year =     {2007},
  volume =   {99},
  pages =    {147--157},
}

@Article{Efr1997,
  author =   {B. Efron and R. Tibshirani},
  title =    {Improvements on cross-validation: The .632$+$ bootstrap method},
  journal =      {Journal of the American Statistical Association},
  year =     {1997},
  volume =   {92},
  pages =    {548--560},
}


@article{Mol2005,
   author    = {A. Molinaro and R. Simon and R.-M. Pfeiffer},
   title     = {Prediction error estimation: a comparison of resampling methods},
   journal   = {Bioinformatics},
   pages     = {3301--3307},
   year      = {2005},
   volume    = {21}
}



@article{Sta2005b,
   author    = {A. Statnikov and I. Tsamardinos and Y. Dosbayev and C.-F. Aliferis},
   title     = {{GEMS}: A system for automated cancer diagnosis and biomarker discovery from microarray gene expression data},
   journal   = {International Journal of Medical Informatics},
   pages     = {491--503},
   year      = {2005},
   volume    = {47}
}

@article{Bou2007b,
   author    = {A.-L. Boulesteix},
   title     = {WilcoxCV: An R package for fast variable selection in cross-validation},
   journal   = {Bioinformatics},
   pages     = {23},
   year      = {2007},
   volume    = {1702-1704}
}

@book{Rip1996,
   author    = {B. D. Ripley},
   title     = {Pattern Recognition and Neural Networks},
   year      = {1996},
   publisher = {Cambridge University Press},
   address   = {Cambridge, UK},
}



@Article{Golub1999,
author = 	 {TR Golub and DK Slonim and P Tamayo and C Huard and M Gaasenbeek and
   JP Mesirov  and H Coller and ML Loh  and JR Downing and MA Caligiuri and
   CD Bloomfield and ES Lander},
title = 	 {Molecular classification of cancer: class discovery and class prediction by gene expression monitoring.},
journal = 	 {Science, 15;286(5439):531-7.},
year = 	 {1999},
}

@inproceedings{Boser1992,
 author = {B. Boser and I. Guyon and V. Vapnik},
 title = {A training algorithm for optimal margin classifiers}, 
 booktitle = {COLT '92: Proceedings of the fifth annual workshop on Computational learning theory},
 year = {1992},
 publisher = {ACM Press},
 address = {New York, NY, USA},
 }

@book{ScholkopfSmola2002,
author = 	 {B. Sch\"olkopf and A. Smola},
title = 	 {Learning with Kernels},
publisher = {MIT Press},
year = 	 {2002},
}

@Article{Breiman2001,
author = {L. Breiman},
title = {Random Forests},
journal = {Machine Learning, 45(1), 5-32},
year = {2001},}

 @Manual{DiazU2006,
    title = {varSelRF: Variable selection using random forests},
    author = {R. Diaz-Uriarte},
    year = {2006},
    note = {R package version 0.6-3},
    url = {http://www.r-project.org,
    http://ligarto.org/rdiaz/Software/Software.html,},
  }


  @Manual{Carey2007,
    title = {MLInterfaces: Uniform interfaces to R machine learning procedures for data in
Bioconductor containers},
    author = {J. Mar and R. Gentleman and V. Carey},
    year = {2007},
    note = {R package version 1.10.2},
  }


@Article{Ihaka:1996,
         author = {R. Ihaka and R. Gentleman},
         title = {R: A language for data analysis and graphics},
         journal = {Journal of Computational and Graphical Statistics},
         volume = {5}, 
         year = {1996}, 
         pages = {299-314},
        }

@Article{Friedman2001,
 author = {J. Friedman},
 title = {Greedy Function Approximation: A Gradient Boosting Machine.},
 journal = {Annals of Statistics},
 volume ={29(5)},
 pages = {1189-1232},
 year = {2001},}

@Article{glmpath,
 author = {M. Young-Park and T. Hastie},
 title = {L1-regularization path algorithm for generalized linear models.},
 journal = {Journal of the Royal Statistical Society B},
 volume ={69(4)},
 pages = {659-677 },
 year = {2007},}

@Article{elasticnet,
 author = {H. Zhou and T. Hastie},
 title = { Regularization and variable selection via the elastic net.},
 journal = {Journal of the Royal Statistical Society B},
 volume ={67(2)},
 pages = {301-320},
 year = {2004},}

@Manual{e1071pack,
    title = {e1071: Misc Functions of the Department of Statistics (e1071), TU Wien},
    author = {E. Dimitriadou and K. Hornik and F. Leisch and D. Meyer and A. Weingessel},
    year = {2006},
    note = {R package version 1.5-16},
  }

@Article{specht,
 author = {D.F. Specht},
 title = {Probabilistic Neural Networks.},
 journal = {Neural Networks},
 volume ={3},
 pages = {109-118},
 year = {1990},}

@inbook{limma,
    title = {Limma: linear models for microarray data},
    author = {G.K. Smyth},
    booktitle = {Bioinformatics and Computational Biology Solutions using R and Bioconductor},
    publisher = {Springer},
    address = {New York},
    pages = {{397--420}},
    year = {2005},
  }


@Article{rfe,
 author = {I. Guyon and J. Weston and S. Barnhill and V. Vapnik},
 title = {Gene Selection for Cancer Classification using support vector machines.},
 journal = {Journal of Machine Learning Research},
 volume ={46},
 pages = {389-422},
 year = {2002},}

@Manual{MCRestimate,
    title = {MCRestimate: Misclassification error estimation with cross-validation},
    author = {M. Ruschhaupt and U. Mansmann and P. Warnat and W. Huber and A. Benner},
    year = {2007},
    note = {R package version 1.10.2},
  }

@book{Chambers1998,
author = {J.M. Chambers},
title  = {Programming with Data},
publisher = {Springer, N.Y.},
year = {1998},
}

@book{dabook,
  author = {G.J. McLachlan},
  title = {Discriminant Analysis and Statistical Pattern Recognition},
  publisher = {Wiley, New York},
  year = {1992},
}

@Article{Buhlmann2003,
 author = {P. B\"uhlmann and B. Yu},
 title = {Boosting with the L2 loss: Regression and Classification},
 journal = {Journal of the American Statistical Association},
 volume ={98},
 pages = {324-339 },
 year = {2003},}




@article{BragaNeto,
author={U.M. Braga-Neto and E.R. Dougherty},
title={Is cross-validation valid for small-sample microarray classification ?},
journal={Bioinformatics},
volume={20(3)},
year={2003},
pages={374-380},}



@Article{review1,
 author = {A. Statnikov and C.F. Aliferis and I.Tsamardinos and S.Levy},
 title = {A comprehensive evaluation of multicategory classification methods
          for microarray gene expression cancer diagnosis.},
 journal = {Bioinformatics},
 volume ={21},
 pages = {631-643},
 year = {2005},}


@Article{Khan2001,
author = 	 {J. Khan and J. Wei and M. Ringner and L.H. Saal and
              M. Ladanyi and F. Westermann and F. Berthold and
              M. Schwab and C.R. Antonescu and C. Peterson and P.S.
              Meltzer},
title = 	 {Classification and diagnostic prediction of cancers
              using gene expression profiling and artificial neural
              networks},
journal = 	 {Nature Medicine, 7;673-679.},
year = 	 {2001},
}

































 










